% Tutorial:
% https://www.overleaf.com/learn/latex/Bibliography_management_with_biblatex
% https://en.wikibooks.org/wiki/LaTeX/Bibliography_Management#biblatex
% For custom sorting, use `key` parameter. By default, positions are
% sorted according to the `author` field.

@book{b:kondepudi_prigogine_modern_thermodynamics,
    author = {Dilip, Kondepudi, Ilya Prigogine},
    title = {Modern Thermodynamics},
    subtitle = {From Heat Engines to Dissipative Structures},
    date = {1998},
}

@book{b:huang_podstawy_fizyki_statystycznej,
    author = {Kerson Huang},
    title = {Podstawy fizyki statystycznej},
    date = {2012},
}

@book{b:huang_mechanika_statystyczna,
    author = {Kerson Huang},
    title = {mechanika statystyczna},
    date = {1987},
}

@book{b:pigon_ruziewicz_chemia_fizyczna_1,
    author = {Krzysztof Pigoń, Zdzisław Ruziewicz},
    title = {Chemia fizyczna},
    volume = {1},
    subtitle = {Podstawy fenomenologiczne},
    date = {2013},
}

@book{b:pigon_ruziewicz_chemia_fizyczna_2,
    author = {Krzysztof Pigoń, Zdzisław Ruziewicz},
    title = {Chemia fizyczna},
    volume = {2},
    subtitle = {Fizykochemia molekularna},
    date = {2012},
}

@book{b:landau_lifszyc_fizyka_statystyczna_1,
    author = {Lew D. Landau, Jewgienij M. Lifszyc},
    title = {Fizyka statystyczna},
    series = {Fizyka teoretyczna},
    year = {2011},
}

@book{b:landau_lifszyc_kinetyka_fizyczna,
    author = {Jewgienij M. Lifszyc, Lew P. Pitajewski},
    title = {Kinetyka fizyczna},
    series = {Fizyka teoretyczna},
    year = {2013},
}

@book{b:pudlik_termodynamika,
    author = {Wiesław Pudlik},
    title = {Termodynamika},
    year = {2020},
}

